@article{crossover,
    author =       "Abid Hussain and Yousaf Shad Muhammad and M. Nauman Sajid and Ijaz Hussain and Alaa Mohamd Shoukry and Showkat Gani",
    title =        "Genetic Algorithm for Traveling Salesman Problem with Modified Cycle Crossover Operator.",
    journal =      "Computational Intelligence and Neuroscience",
    volume =       "2017",
    number =       "7430125",
    pages =        "7",
    year =         "2017",
    url =          "https://www.hindawi.com/journals/cin/2017/7430125/"
}
@misc{cooling,
    author    = "www.what-when-how.com",
    title     = "A Comparison of Cooling Schedules for Simulated Annealing",
    url       = "http://what-when-how.com/artificial-intelligence/a-comparison-of-cooling-schedules-for-simulated-annealing-artificial-intelligence/"
}